% Encoding: UTF-8



@book {Ahlfors:1978,
    AUTHOR = {Ahlfors, Lars V.},
     TITLE = {Complex analysis},
   EDITION = {Third},
      NOTE = {An introduction to the theory of analytic functions of one
              complex variable,
              International Series in Pure and Applied Mathematics},
 PUBLISHER = {McGraw-Hill Book Co., New York},
      YEAR = {1978},
     PAGES = {xi+331},
      ISBN = {0-07-000657-1},
   MRCLASS = {30-01},
  MRNUMBER = {510197},
}

@book {Armstrong:1988,
    AUTHOR = {Armstrong, M. A.},
     TITLE = {Groups and symmetry},
    SERIES = {Undergraduate Texts in Mathematics},
 PUBLISHER = {Springer-Verlag, New York},
      YEAR = {1988},
     PAGES = {xii+186},
      ISBN = {0-387-96675-7},
   MRCLASS = {20-01 (20F32)},
  MRNUMBER = {965514},
MRREVIEWER = {Peter M. Neumann},
       DOI = {10.1007/978-1-4757-4034-9},
       URL = {https://doi-org.ucc.idm.oclc.org/10.1007/978-1-4757-4034-9},
}

@book {Arnold:2006,
    AUTHOR = {Arnold, Vladimir I.},
     TITLE = {Ordinary differential equations},
    SERIES = {Universitext},
      NOTE = {Translated from the Russian by Roger Cooke,
              Second printing of the 1992 edition},
 PUBLISHER = {Springer-Verlag, Berlin},
      YEAR = {2006},
     PAGES = {ii+334},
      ISBN = {978-3-540-34563-3; 3-540-34563-9},
   MRCLASS = {34-01 (34Cxx 37-01 37C10)},
  MRNUMBER = {2242407},
}

@book {Bogopolski:2008,
    AUTHOR = {Bogopolski, Oleg},
     TITLE = {Introduction to group theory},
    SERIES = {EMS Textbooks in Mathematics},
      NOTE = {Translated, revised and expanded from the 2002 Russian
              original},
 PUBLISHER = {European Mathematical Society (EMS), Z\"{u}rich},
      YEAR = {2008},
     PAGES = {x+177},
      ISBN = {978-3-03719-041-8},
   MRCLASS = {20-01 (20Dxx 20F28 20F65)},
  MRNUMBER = {2396717},
MRREVIEWER = {Laurent Bartholdi},
       DOI = {10.4171/041},
       URL = {https://doi-org.ucc.idm.oclc.org/10.4171/041},
}

@Book{Clemens:2003,
  Title                    = {A scrapbook of complex curve theory},
  Author                   = {Clemens, C. Herbert},
  Publisher                = {American Mathematical Society, Providence, RI},
  Year                     = {2003},
  Edition                  = {Second},
  Series                   = {Graduate Studies in Mathematics},
  Volume                   = {55},

  ISBN                     = {0-8218-3307-3},
  Mrclass                  = {14-01 (14Hxx 30-01 30Fxx)},
  Mrnumber                 = {1946768 (2003m:14001)},
  Owner                    = {user},
  Pages                    = {xii+188},
  Timestamp                = {2015.09.11}
}

@Book{Dummit/Foote:2004,
  Title                    = {Abstract algebra},
  Author                   = {Dummit, David S. and Foote, Richard M.},
  Publisher                = {John Wiley \& Sons, Inc., Hoboken, NJ},
  Year                     = {2004},
  Edition                  = {Third},

  ISBN                     = {0-471-43334-9},
  Mrclass                  = {00-01 (16-01 20-01)},
  Mrnumber                 = {2286236 (2007h:00003)},
  Owner                    = {user},
  Pages                    = {xii+932},
  Timestamp                = {2015.08.17}
}

@Book{Graham/Knuth/Patashnik:1994,
  Title                    = {Concrete mathematics},
  Author                   = {Graham, Ronald L. and Knuth, Donald E. and Patashnik, Oren},
  Publisher                = {Addison-Wesley Publishing Company, Reading, MA},
  Year                     = {1994},
  Edition                  = {Second},
  Note                     = {A foundation for computer science},

  ISBN                     = {0-201-55802-5},
  Mrclass                  = {68-01 (00-01 00A05 05-01 68Rxx)},
  Mrnumber                 = {1397498 (97d:68003)},
  Mrreviewer               = {Volker Strehl},
  Owner                    = {user},
  Pages                    = {xiv+657},
  Timestamp                = {2015.08.17}
}

@book {Hoffman/Kunze:1971,
    AUTHOR = {Hoffman, Kenneth and Kunze, Ray},
     TITLE = {Linear algebra},
    SERIES = {Second edition},
 PUBLISHER = {Prentice-Hall, Inc., Englewood Cliffs, N.J.},
      YEAR = {1971},
     PAGES = {viii+407},
   MRCLASS = {15.00},
  MRNUMBER = {0276251},
}

@Book{Hungerford:1980,
  Title                    = {Algebra},
  Author                   = {Hungerford, Thomas W.},
  Publisher                = {Springer-Verlag, New York-Berlin},
  Year                     = {1980},
  Note                     = {Reprint of the 1974 original},
  Series                   = {Graduate Texts in Mathematics},
  Volume                   = {73},

  ISBN                     = {0-387-90518-9},
  Mrclass                  = {00A05 (15-01 16-01)},
  Mrnumber                 = {600654 (82a:00006)},
  Owner                    = {user},
  Pages                    = {xxiii+502},
  Timestamp                = {2015.08.17}
}

@book {Ince:1944,
    AUTHOR = {Ince, E. L.},
     TITLE = {Ordinary {D}ifferential {E}quations},
 PUBLISHER = {Dover Publications, New York},
      YEAR = {1944},
     PAGES = {viii+558},
   MRCLASS = {36.0X},
  MRNUMBER = {0010757},
}

@book {Ledermann:1953,
    AUTHOR = {Ledermann, Walter},
     TITLE = {Introduction to the theory of finite groups},
      NOTE = {2d ed},
 PUBLISHER = {Oliver and Boyd, Edinburgh and London; Interscience
              Publishers, Inc., New York},
      YEAR = {1953},
     PAGES = {viii+160},
   MRCLASS = {20.0X},
  MRNUMBER = {0054593},
MRREVIEWER = {D. C. Murdoch},
}

@book {MacLane/Birkhoff:1988,
    AUTHOR = {Mac Lane, Saunders and Birkhoff, Garrett},
     TITLE = {Algebra},
   EDITION = {Third},
 PUBLISHER = {Chelsea Publishing Co., New York},
      YEAR = {1988},
     PAGES = {xx+626},
      ISBN = {0-8284-0330-9},
   MRCLASS = {00A05},
  MRNUMBER = {941522},
}

@book {Needham:1997,
    AUTHOR = {Needham, Tristan},
     TITLE = {Visual complex analysis},
 PUBLISHER = {The Clarendon Press, Oxford University Press, New York},
      YEAR = {1997},
     PAGES = {xxiv+592},
      ISBN = {0-19-853447-7},
   MRCLASS = {30-01},
  MRNUMBER = {1446490},
MRREVIEWER = {D. H. Armitage},
}

@book {Shafarevich/Remizov:2013,
    AUTHOR = {Shafarevich, Igor R. and Remizov, Alexey O.},
     TITLE = {Linear algebra and geometry},
      NOTE = {Translated from the 2009 Russian original by David Kramer and
              Lena Nekludova},
 PUBLISHER = {Springer, Heidelberg},
      YEAR = {2013},
     PAGES = {xxii+526},
      ISBN = {978-3-642-30993-9},
   MRCLASS = {15-01 (51-01)},
  MRNUMBER = {2963561},
MRREVIEWER = {E. W. Ellers},
       DOI = {10.1007/978-3-642-30994-6},
       URL = {https://doi-org.ucc.idm.oclc.org/10.1007/978-3-642-30994-6},
}

@Book{Shafarevich:2005,
  Title                    = {Basic notions of algebra},
  Author                   = {Shafarevich, Igor R.},
  Publisher                = {Springer-Verlag, Berlin},
  Year                     = {2005},
  Note                     = {Translated from the 1986 Russian original by Miles Reid, Reprint of the 1997 English translation [MR1634541], Algebra, I},
  Series                   = {Encyclopaedia of Mathematical Sciences},
  Volume                   = {11},

  Doi                      = {10.1007/b137643},
  ISBN                     = {978-3-540-25177-4; 3-540-25177-4},
  Mrclass                  = {00-01 (12-01 13-01 16-01 20-01)},
  Mrnumber                 = {2164721},
  Owner                    = {user},
  Pages                    = {ii+ 258},
  Timestamp                = {2015.09.02},
  Url                      = {http://0-dx.doi.org.library.ucc.ie/10.1007/b137643}
}

@Book{Spivak:2006,
  Title                    = {Calculus},
  Author                   = {Spivak, Michael},
  Publisher                = {Cambridge University Press},
  Year                     = {2006},
  Series                   = {Calculus},

  ISBN                     = {9780521867443},
  Owner                    = {user},
  Timestamp                = {2015.10.22},
  Url                      = {https://books.google.ie/books?id=7JKVu\_9InRUC}
}

@Manual{sagemath,
  Title                    = {{S}ageMath, the {S}age {M}athematics {S}oftware {S}ystem ({V}ersion 7.5.1)},
  Author                   = {{The Sage Developers}},
  Note                     = {{\texttt{http://www.sagemath.org}}},
  Year                     = {2018},

  Key                      = {SageMath},
  Owner                    = {user},
  Timestamp                = {2018.02.28}
}

@Book{Vinberg:2003,
  Title                    = {A course in algebra},
  Author                   = {Vinberg, E. B.},
  Publisher                = {American Mathematical Society, Providence, RI},
  Year                     = {2003},
  Note                     = {Translated from the 2001 Russian original by Alexander Retakh},
  Series                   = {Graduate Studies in Mathematics},
  Volume                   = {56},

  Doi                      = {10.1090/gsm/056},
  ISBN                     = {0-8218-3318-9},
  Mrclass                  = {00-01 (00A05 13-01 15-01 16-01 20-01 22-01)},
  Mrnumber                 = {1974508 (2004h:00001)},
  Mrreviewer               = {Kenneth A. Brown},
  Owner                    = {user},
  Pages                    = {x+511},
  Timestamp                = {2015.08.17},
  Url                      = {http://0-dx.doi.org.library.ucc.ie/10.1090/gsm/056}
}

@Book{Walker:2000,
  Title                    = {Codes and curves},
  Author                   = {Walker, Judy L.},
  Publisher                = {American Mathematical Society, Providence, RI; Institute for Advanced Study (IAS), Princeton, NJ},
  Year                     = {2000},
  Note                     = {IAS/Park City Mathematical Subseries},
  Series                   = {Student Mathematical Library},
  Volume                   = {7},

  Doi                      = {10.1090/stml/007},
  ISBN                     = {0-8218-2628-X},
  Mrclass                  = {14G50 (11T71 94B27)},
  Mrnumber                 = {1768485 (2001f:14046)},
  Mrreviewer               = {R. F. Lax},
  Owner                    = {user},
  Pages                    = {xii+66},
  Timestamp                = {2015.08.17},
  Url                      = {http://0-dx.doi.org.library.ucc.ie/10.1090/stml/007}
}

@Book{Weil:1979,
  Title                    = {Number theory for beginners},
  Author                   = {Weil, Andr{\'e}},
  Publisher                = {Springer-Verlag, New York-Heidelberg},
  Year                     = {1979},
  Note                     = {With the collaboration of Maxwell Rosenlicht},

  ISBN                     = {0-387-90381-X},
  Mrclass                  = {10-01 (12-01)},
  Mrnumber                 = {532370 (80e:10004)},
  Mrreviewer               = {J. B. Roberts},
  Owner                    = {user},
  Pages                    = {vii+70},
  Timestamp                = {2015.08.17}
}

@Book{Rota:1971,
  title     = {Combinatorial Theory and Invariant Theory},
  publisher = {Bowdoin College, Maine, U.S.A.},
  year      = {1971},
  author    = {Gian-Carlo Rota},
  note      = {Notes by L.~Guibas},
}

@Book{Etingof.et.al:2011,
  title      = {Introduction to representation theory},
  publisher  = {American Mathematical Society, Providence, RI},
  year       = {2011},
  author     = {Etingof, Pavel and Golberg, Oleg and Hensel, Sebastian and Liu, Tiankai and Schwendner, Alex and Vaintrob, Dmitry and Yudovina, Elena},
  volume     = {59},
  series     = {Student Mathematical Library},
  isbn       = {978-0-8218-5351-1},
  note       = {With historical interludes by Slava Gerovitch},
  doi        = {10.1090/stml/059},
  mrclass    = {20G15 (16-01 16G10 17B10 20-01)},
  mrnumber   = {2808160},
  mrreviewer = {Burkhard K\"{u}lshammer},
  pages      = {viii+228},
  url        = {https://doi.org/10.1090/stml/059},
}

@Comment{jabref-meta: databaseType:bibtex;}
